<record><leader>00000cas a2200000 a 4500</leader><controlfield tag="001">10906751</controlfield><controlfield tag="008">840702d18361857mauwr ne      0   a0eng d</controlfield><datafield ind1=" " ind2=" " tag="010"><subfield code="a">sn 84023639 </subfield></datafield><datafield ind1=" " ind2=" " tag="040"><subfield code="a">AQM</subfield><subfield code="b">eng</subfield><subfield code="c">AQM</subfield><subfield code="d">DLC</subfield><subfield code="d">NSD</subfield><subfield code="d">KRTAS</subfield><subfield code="d">OCLCQ</subfield><subfield code="d">OCLCF</subfield><subfield code="d">OCLCO</subfield></datafield><datafield ind1="0" ind2=" " tag="022"><subfield code="a">1055-7032</subfield><subfield code="2">1</subfield></datafield><datafield ind1="1" ind2=" " tag="029"><subfield code="a">AU@</subfield><subfield code="b">000025826225</subfield></datafield><datafield ind1=" " ind2=" " tag="042"><subfield code="a">msc</subfield><subfield code="a">nsdp</subfield></datafield><datafield ind1=" " ind2=" " tag="043"><subfield code="a">n-us-ma</subfield></datafield><datafield ind1="0" ind2="0" tag="050"><subfield code="a">Newspaper 8232</subfield></datafield><datafield ind1="1" ind2="0" tag="082"><subfield code="a">071</subfield><subfield code="2">12</subfield></datafield><datafield ind1="0" ind2=" " tag="130"><subfield code="a">Olive branch (Boston, Mass. : 1836)</subfield></datafield><datafield ind1="0" ind2=" " tag="210"><subfield code="a">Olive branch</subfield><subfield code="b">(1836)</subfield></datafield><datafield ind1=" " ind2="0" tag="222"><subfield code="a">Olive branch</subfield><subfield code="b">(1836)</subfield></datafield><datafield ind1="1" ind2="0" tag="245"><subfield code="a">Olive branch.</subfield></datafield><datafield ind1="1" ind2="7" tag="246"><subfield code="a">Boston olive branch</subfield></datafield><datafield ind1=" " ind2=" " tag="260"><subfield code="a">Boston [Mass.] :</subfield><subfield code="b">S. Rowland Hart,</subfield><subfield code="c">-1857.</subfield></datafield><datafield ind1=" " ind2=" " tag="300"><subfield code="a">volumes ;</subfield><subfield code="c">61-66 cm</subfield></datafield><datafield ind1=" " ind2=" " tag="310"><subfield code="a">Weekly</subfield></datafield><datafield ind1=" " ind2=" " tag="336"><subfield code="a">text</subfield><subfield code="b">txt</subfield><subfield code="2">rdacontent</subfield></datafield><datafield ind1=" " ind2=" " tag="337"><subfield code="a">unmediated</subfield><subfield code="b">n</subfield><subfield code="2">rdamedia</subfield></datafield><datafield ind1=" " ind2=" " tag="338"><subfield code="a">volume</subfield><subfield code="b">nc</subfield><subfield code="2">rdacarrier</subfield></datafield><datafield ind1="1" ind2=" " tag="362"><subfield code="a">Began in 1836.</subfield><subfield code="z">Cf. Union list of serials.</subfield></datafield><datafield ind1="0" ind2=" " tag="362"><subfield code="a">-v. 22, no. 1 (Jan. 3, 1857).</subfield></datafield><datafield ind1=" " ind2=" " tag="500"><subfield code="a">Publishers: Norris &amp; Boyle, 1837; Henry C. Goodwin, 1837-1847; Thomas F. Norris, 1847-1853; Erasmus A. Norris, 1854-1857.</subfield></datafield><datafield ind1=" " ind2=" " tag="500"><subfield code="a">"Not a religious paper, neither an organ of the Methodist Protestant Church," 1844.</subfield></datafield><datafield ind1=" " ind2=" " tag="500"><subfield code="a">Editors: E.R. Boyle, 1837; T.F. Norris, 1837-1853; E.A. Norris, 1854-1857.</subfield></datafield><datafield ind1=" " ind2=" " tag="550"><subfield code="a">Published for the Methodist Protestant Church, 1836-1837.</subfield></datafield><datafield ind1=" " ind2=" " tag="580"><subfield code="a">Published from the same office: Ladies' enterprise.</subfield></datafield><datafield ind1=" " ind2=" " tag="588"><subfield code="a">Description based on: Vol. 1, no. 18 (Nov. 12, 1836).</subfield></datafield><datafield ind1=" " ind2="0" tag="651"><subfield code="a">Boston (Mass.)</subfield><subfield code="v">Newspapers.</subfield></datafield><datafield ind1=" " ind2="7" tag="655"><subfield code="a">Newspapers.</subfield><subfield code="2">fast</subfield><subfield code="0">(OCoLC)fst01423814</subfield></datafield><datafield ind1=" " ind2="7" tag="651"><subfield code="a">Massachusetts</subfield><subfield code="z">Boston.</subfield><subfield code="2">fast</subfield><subfield code="0">(OCoLC)fst01205012</subfield></datafield><datafield ind1="1" ind2=" " tag="700"><subfield code="a">Boyle, Edward R.</subfield></datafield><datafield ind1="1" ind2=" " tag="700"><subfield code="a">Norris, Thomas Folsom,</subfield><subfield code="d">1792-1853.</subfield></datafield><datafield ind1="1" ind2=" " tag="700"><subfield code="a">Norris, Erasmus Addison,</subfield><subfield code="d">1821-1899.</subfield></datafield><datafield ind1="2" ind2=" " tag="710"><subfield code="a">Methodist Protestant Church.</subfield></datafield><datafield ind1=" " ind2=" " tag="752"><subfield code="a">United States</subfield><subfield code="b">Massachusetts</subfield><subfield code="c">Suffolk</subfield><subfield code="d">Boston.</subfield></datafield><datafield ind1="0" ind2="7" tag="785"><subfield code="t">Boston port-folio</subfield><subfield code="w">(DLC)sn 91058091</subfield></datafield><datafield ind1="0" ind2="7" tag="785"><subfield code="t">Boston olive branch</subfield><subfield code="w">(DLC)sn 84023638</subfield></datafield><datafield ind1="1" ind2=" " tag="787"><subfield code="t">Ladies' enterprise</subfield></datafield><datafield ind1=" " ind2=" " tag="938"><subfield code="a">Kirtas Technologies, Inc.</subfield><subfield code="b">KRTS</subfield><subfield code="n">738588</subfield></datafield></record>